@article{mohanpuria2013computational,
  
  author={Mohanpuria, P. and Sarao, N. K. and \textbf{Duhan, N.} and \underline{Brar, G.} and \underline{Kaur, A.} and Singh, K.},
  title={Computational identification and characterization of potential miRNAs from Asiatic cotton (\textit{Gossypium arboreum} L.)},
  journal={Crop Improv},
  volume={40},
  number={2},
  pages={121--128},
  year={2013}
}

@article{jhinjer2017comparative,
  title={Comparative Structure Modeling of {G}lyoxalase II Protein of \textit{Oryza sativa}},
  author={\textit{\underline{Jhinjer, R. K.}} and \textbf{Duhan, N.} and Chhuneja, P.},
  journal={Int. J. Curr. Microbiol. App. Sci},
  volume={6},
  number={8},
  pages={1380--1387},
  year={2017},
  doi={10.20546/ijcmas.2017.608.168}
}

@article{mohanpuria2018silico,
  title={In silico identification and validation of potential micro{RNA}s in {K}innow {M}andarin (\textit{Citrus reticulata} Blanco)},
  author={Mohanpuria, P. and \textbf{Duhan, N.} and Sarao, N. K. and \underline{Kaur, M.} and \underline{Kaur, M.}},
  journal={Interdisciplinary Sciences: Computational Life Sciences},
  volume={10},
  pages={762--770},
  year={2018},
  publisher={Springer Berlin Heidelberg}, 
  doi = {10.1007/s12539-017-0235-6}
}

@article{omer2012identification,
  title={Identification of mi{RNA}s in \textit{C. roseus} and their potential targets},
  author={Omer, A. and Singh, S. and \textbf{Duhan, N.}},
  journal={Bioinformation},
  volume={8},
  number={2},
  pages={75},
  year={2012},
  publisher={Biomedical Informatics Publishing Group},
  doi = {10.6026/97320630008075}
}

@article{sharma2019developmental,
  title={Developmental and molecular changes underlying the vernalization-induced transition to flowering in \textit{Aquilegia coerulea} ({J}ames)},
  author={Sharma, B. and Batz, T. A. and Kaundal, R. and Kramer, E. M. and Sanders, U. R. and Mellano, V. J. and \textbf{Duhan, N.} and Larson, R. B.},
  journal={Genes},
  volume={10},
  number={10},
  pages={734},
  year={2019},
  publisher={MDPI},
  doi={10.3390/genes10100734}
}
germplasm
@article{naveen2016silico,
  title={In silico identification and characterization of potential mi{RNA}s from \textit{Capsicum annum}.},
  author={ \textbf{Duhan, N.} and Sarao, N.K. and  Mohanpuria, P. and Sidhu, M.K.},
  journal={HortFlora Research Spectrum},
  volume={5},
  number={4},
  pages={306--309},
  year={2016},
  publisher={Biosciences and Agriculture Advancement Society (BAAS)}, 
  url={https://www.cabdirect.org/cabdirect/abstract/20173074226}
}

@article{loaiza2021silico,
  title={In silico prediction of host--pathogen protein interactions in melioidosis pathogen \textit{Burkholderia pseudomallei} and human reveals novel virulence factors and their targets},
  author={Loaiza, C. D and \textbf{Duhan, N.}\textsuperscript{\$} and Lister, M. and Kaundal, R.},
  journal={Briefings in Bioinformatics},
  volume={22},
  number={3},
  pages={bbz162},
  year={2021},
  publisher={Oxford University Press},
  doi={10.1093/bib/bbz162}
}

@article{duhan2020citsatdb,
  title={{c}it{SAT}db: genome-wide simple sequence repeat (SSR) marker database of Citrus species for germplasm characterization and crop improvement},
  author={\textbf{Duhan, N.} and Meshram, M. and Loaiza, C. D. and Kaundal, R.},
  journal={Genes},
  volume={11},
  number={12},
  pages={1486},
  year={2020},
  publisher={MDPI},
  doi={10.3390/genes11121486}
}

@article{kaur2020computational,
  title={Computational identification of maize mi{RNA} and their gene targets involved in biotic and abiotic stresses},
  author={\textit{\underline{Kaur, K.}} and \textbf{Duhan, N.} and Singh, J. and Kaur, G. and Vikal, Y.},
  journal={Journal of biosciences},
  volume={45},
  pages={1--17},
  year={2020},
  publisher={Springer India},
  doi={10.1007/s12038-020-00106-6}
}

@article{kaundal2021transcriptional,
  title={Transcriptional profiling of two contrasting genotypes uncovers molecular mechanisms underlying salt tolerance in alfalfa},
  author={Kaundal, R. and \textbf{Duhan, N.} and Acharya, B. R. and Pudussery, M. V. and Ferreira, J. FS. and Suarez, D. L. and Sandhu, D.},
  journal={Scientific Reports},
  volume={11},
  number={1},
  pages={5210},
  year={2021},
  publisher={Nature Publishing Group UK London},
  doi={10.1038/s41598-021-84461-w}
}

@article{malhotra2020epigenomics,
  title={EPIGENOMICS: ROLE, APPROACHES AND APPLICATIONS IN PLANTS},
  author={Malhotra, P. K. and Verma, G. and Sidhu, G. S. and \textbf{Duhan, N.}},
  journal={JAPS, Journal of Animal and Plant Sciences},
  volume={30},
  number={5},
  pages={1071--1082},
  year={2020},
  publisher={Pakistan Agricultural Scientists Forum},
  doi={10.36899/JAPS.2020.5.0122}
}

@article{duhan2020pyseqrna,
  title={{p}y{S}eq{RNA}: an automated Python package for RNA sequencing data analysis},
  author={\textbf{Duhan, N.} and Kaundal, R.},
  journal={f1000research},
  year={2020},
  doi={10.7490/f1000research.1118314.1}
}

@article{loaiza2021greeningdb,
  title={Greening{DB}: A Database of Host--Pathogen Protein--Protein Interactions and Annotation Features of the Bacteria Causing Huanglongbing HLB Disease},
  author={Loaiza, C. D. and \textbf{Duhan, N.} and Kaundal, R.},
  journal={International Journal of Molecular Sciences},
  volume={22},
  number={19},
  pages={10897},
  year={2021},
  publisher={MDPI},
  doi={10.3390/ijms221910897}
}

@article{duhan2021legumessrdb,
  title={Legume{SSR}db: A Comprehensive Microsatellite Marker Database of Legumes for Germplasm Characterization and Crop Improvement},
  author={\textbf{Duhan, N.} and Kaundal, R.},
  journal={International Journal of Molecular Sciences},
  volume={22},
  number={21},
  pages={11350},
  year={2021},
  publisher={MDPI},
  doi={10.3390/ijms222111350}

}

@article{rutigliano2022increased,
  title={Increased expression of pro-inflammatory cytokines at the fetal--maternal interface in bovine pregnancies produced by cloning},
  author={Rutigliano, H. M. and Thomas, A. J. and Umbaugh, J. J. and Wilhelm, A. and Sessions, B. R. and Kaundal, R. and \textbf{Duhan, N.} and Hicks, B. A. and Schlafer, D. H. and White, K. L. and Davis C. J.},
  journal={American Journal of Reproductive Immunology},
  volume={87},
  number={3},
  pages={e13520},
  year={2022},
  doi={10.1111/aji.13520}
}

@article{kataria2022computational,
  title={Computational systems biology of {A}lfalfa--bacterial blight host-pathogen interactions: uncovering the complex molecular networks for developing durable disease resistant crop},
  author={Kataria, R. and \textbf{Duhan, N.} and Kaundal, R.},
  journal={Frontiers in Plant Science},
  volume={12},
  pages={807354},
  year={2022},
  publisher={Frontiers Media SA},
  doi={10.3389/fpls.2021.807354}
}

@article{duhan2022deepnec,
  title={{d}eep{NEC}: a novel alignment-free tool for the identification and classification of nitrogen biochemical network-related enzymes using deep learning},
  author={\textbf{Duhan, N.} and Norton, J. M. and Kaundal, R.},
  journal={Briefings in Bioinformatics},
  volume={23},
  number={3},
  pages={bbac071},
  year={2022},
  publisher={Oxford University Press},
  doi={10.1093/bib/bbac071}
}

@article{kaundal2022deephpi,
  title={{d}eep{HPI}: a comprehensive deep learning platform for accurate prediction and visualization of host--pathogen protein--protein interactions},
  author={Kaundal, R. and Loaiza, C. D. and \textbf{Duhan, N.} and Flann, N.},
  journal={Briefings in Bioinformatics},
  volume={23},
  number={3},
  pages={bbac125},
  year={2022},
  publisher={Oxford University Press},
  doi={10.1093/bib/bbac125}
}

@article{duhan2022tritikbdb,
  title={Triti{KB}db: A Functional Annotation Resource for Deciphering the Complete Interaction Networks in Wheat-Karnal Bunt Pathosystem},
  author={\textbf{Duhan, N.} and Kataria, R. and Kaundal, R.},
  journal={International Journal of Molecular Sciences},
  volume={23},
  number={13},
  pages={7455},
  year={2022},
  publisher={MDPI},
  doi={10.3390/ijms23137455}
}

@article{mahalingam2022heat,
  title={Heat and drought induced transcriptomic changes in barley varieties with contrasting stress response phenotypes},
  author={Mahalingam, R. and \textbf{Duhan, N.} and Kaundal, R. and Smertenko, A. and Nazarov, T. and Bregitzer, P.},
  journal={Frontiers in Plant Science},
  volume={13},
  pages={4652},
  year={2022},
  publisher={Frontiers},
  doi={10.3389/fpls.2022.1066421}
}

@article{kaur2023transcriptome,
  title={Transcriptome and Physio-Biochemical Profiling Reveals Differential Responses of Rice Cultivars at Reproductive-Stage Drought Stress},
  author={Kaur, S. and Seem, K. and \textbf{Duhan, N.} and Kumar, S. and Kaundal, R. and Mohapatra, T.},
  journal={International Journal of Molecular Sciences},
  volume={24},
  number={2},
  pages={1002},
  year={2023},
  publisher={Multidisciplinary Digital Publishing Institute},
  doi={10.3390/ijms24021002}
}

@article{duhan2023hucopia,
  title={Hu{C}o{PIA}: An Atlas of {H}uman vs. {SARS}-{C}o{V}-2 Interactome and the Comparative Analysis with Other Coronaviridae Family Viruses},
  author={\textbf{\textbf{Duhan, N.}} and Kaundal, R.},
  journal={Viruses},
  volume={15},
  number={2},
  pages={492},
  year={2023},
  publisher={MDPI},
  doi={10.3390/v15020492}
}
@article{ranchsatdb2023,
title  = {{r}anch{SAT}db: a Genome-wide Simple Sequence Repeat ({SSR}) Markers Database of Livestock Species for Mutant Germplasm Characterization and Improving Farm Animal Health.},
  author = {\textbf{Duhan, N.} and Kaur, S. and Kaundal, R.},
  journal={Genes},
  volume={14},
  number={2},
  pages={1481},
  publisher={MDPI},
  doi={10.3390/genes14071481},
  year   = {2023}
}

@article{Kaur2024,
  author    = {Kaur, S. and
               Seem, K and
               \textbf{\textbf{Duhan, N.}}  and
               Kumar, S and
               Kaundal, R and
               Mohapatra, T},
  title     = {Comparative miRNome and transcriptome analyses reveal the expression of novel miRNAs in the panicle of rice implicated in sustained agronomic performance under terminal drought stress},
  journal   = {Planta},
  year      = {2024},
  volume    = {259},
  number    = {6},
  pages     = {128},
  doi       = {10.1007/s00425-024-04399-x},
  url       = {https://doi.org/10.1007/s00425-024-04399-x},
  issn      = {1432-2048},
}

@article{duhan2024rslpred2,
  title={R{SL}pred2: {A}n integrated web server for the annotation of {R}ice proteome subcellular localization using deep learning},
  author={\textbf{\textbf{Duhan, N.}} and Kaundal, R.},
  journal={Rice},
  volume={},
  number={ },
  pages={Accepted},
  year={2024},
  publisher={Springer},
  doi={}
}

@article{Luqman2024,
  author    = {Luqman, M. and
              \textbf{\textbf{Duhan, N.}}  and
               Temeeyasen, G. and
               Selim, M. and
               {\textit{\underline{Jangra, S.}}} and
               Mor, S.K.},
  title     = {Geographical Expansion of Avian Metapneumovirus Subtype B: First Detection and Molecular Characterization of Avian Metapneumovirus Subtype B in US Poultry},
  journal   = {Viruses},
  year      = {2024},
  volume    = {16},
  issue     = {4},
  pages     = {508},
  doi       = {10.3390/v16040508},
  url       = {https://doi.org/10.3390/v16040508},
}

@article{kataria2024,

author={Kataria, Raghav and \textbf{Duhan, N}  and Kaundal, Rakesh },
title={Navigating the human-monkeypox virus interactome: Hu{P}ox{NET} atlas reveals functional insights},
journal={Frontiers in Microbiology},
volume={15},
year={2024},
url={https://doi.org/10.3389/fmicb.2024.1399555},
doi={10.3389/fmicb.2024.1399555},
issn={1664-302X}
}

@article{atsubp22024,
  author = {\textbf{Duhan, N.} and Kaundal, R.},
  journal   = {Plant Genome},
  title  = {At{S}ub{P}-2.0: {A}n integrated web server for the annotation of Arabidopsis proteome subcellular localization using deep learning},
  year   = {2024},
  volume={},
  number={ },
  pages={Accepted},
  doi={},
  publisher={Willey}
}

@article{DEBNATH2025100481,
title = {Discovery of potential haplotypes associated with varying levels of vicine content due to the InDel1.4 and a coding-SNP in the VC1 gene in faba bean (\textit{{V}icia faba} {L.})},
journal = {Plant Gene},
volume = {41},
pages = {100481},
year = {2025},
issn = {2352-4073},
doi = {https://doi.org/10.1016/j.plgene.2024.100481},
url = {https://www.sciencedirect.com/science/article/pii/S2352407324000362},
author = {Sadhan Debnath and Wricha Tyagi and Mayank Rai and Kuldeep Singh and Sujan Majumder and \textbf{\textbf{Duhan, N.}} and Ng Tombisana Meetei},
keywords = {Faba bean, Vicine-convicine, Favism, LC-MS/MS, InDel1.4, Haplotypes, VC locus,  gene}
}





@manual{Duhan2012manual,
  author       = {\textbf{Duhan, N.} and Chhuneja, P. and Singh, K.},
  title        = {Introduction to {B}ioinformatics: {A} {P}ractical {M}anual},
  organization = {School of Agricultural Biotechnology, Punjab agricultural University, Ludhiana},
  publisher = {COA/2012/Manual-10},
  year = {2012},
  pages = {1-100}
}


# 1 
@inbook{duhan2023pyseqrna,
  title={Py{S}eq{RNA}: pySeqRNA: an Automated Python Package for Next-Generation Sequencing Data Analysis.},
  author={\textbf{Duhan, N.} and Kaundal, R.},
  booktitle={{P}lant and {A}nimal {G}enomes {C}onference 30 ({PAG} {I}nternational 2023).},
  year={2023},
  organization={PAG}
}
#2
@inbook{kaundal2022,
title = {Transcriptional profiling of two contrasting genotypes uncovers molecular mechanisms underlying salt tolerance in Alfalfa.},
author={Kaundal, R. and \textbf{Duhan, N.} and Acharya, B. R. and Pudussery, M. V. and Ferreira, J. FS. and Suarez, D. L. and Sandhu, D.},
booktitle={The 2022 {C}onference on {A}pplied {S}tatistics in {A}griculture and {N}atural {R}esources, {U}tah {S}tate {U}niversity, {L}ogan, {U}tah, {USA}; {M}ay 16-19, 2022},
year={2022},
organization={CASA}
}
#3
@inbook{duhan2022pyseqrna,
  title={Py{S}eq{RNA}: pySeqRNA: an Automated Python Package for Next-Generation Sequencing Data Analysis.},
  author={\textbf{Duhan, N.} and Kaundal, R.},
  booktitle={The 2022 {C}onference on {A}pplied {S}tatistics in {A}griculture and {N}atural {R}esources,  {U}tah {S}tate {U}niversity, {L}ogan, {U}tah, {USA}; {M}ay  16-19, 2022},
  year={2022},
  organization={CASA}
}
#4
@inbook{kataria2021computational,
  title={Computational Systems Biology of Alfalfa-Pseudomonas Syringae Protein-Protein Interactions: Uncovering the Complex Molecular Networks of Host-Pathogen Interactions to Control Bacterial Blight in Alfalfa},
  author={Kataria, R. and \textbf{Duhan, N.} and Kaundal, R.},
  booktitle={{ASA}, {CSSA}, {SSSA} {I}nternational {A}nnual {M}eeting},
  year={2021},
  organization={ASA-CSSA-SSSA}
}
#5
@inbook{kataria2021translating,
  title={Translating-omics big data: Comprehensive understanding of host-pathogen interactions to control bacterial blight in alfalfa using computational approaches},
  author={Kataria, R. and \textbf{Duhan, N.} and Kaundal, R.},
  booktitle={{MOLECULAR PLANT-MICROBE INTERACTIONS}},
  volume={34},
  number={7},
  year={2021},
  organization={AMER PHYTOPATHOLOGICAL SOC 3340 PILOT KNOB ROAD, ST PAUL, MN 55121 USA}
}
#6
@inbook{duhan2021pyseqrna,
  title={Py{S}eq{RNA}: An Automated Python Package for Next-Generation Sequencing Data Analysis},
  author={\textbf{Duhan, N.} and Kaundal, R.},
  booktitle={{ASA}, {CSSA}, {SSSA} {I}nternational {A}nnual {M}eeting},
  year={2021},
  organization={ASA-CSSA-SSSA}
}
#7
@inbook{duhan2021deepnec,
title={{d}eep{NEC}: a novel alignment-free tool for the identification and classification of nitrogen biochemical network-related enzymes using deep learning},
author={\textbf{Duhan, N.} and Norton, J. M. and Kaundal, R.},
booktitle={{ASA}, {CSSA}, {SSSA} {I}nternational {A}nnual {M}eeting},
year={2021},
organization={ASA-CSSA-SSSA}
}
#8
@inbook{mahalingam2020transcriptome,
  title={Transcriptome Analysis of Barley Varieties with Contrasting Responses to Heat, Drought and Combined Heat and Drought Stress},
  author={Mahalingam, R. and Bregitzer, P. and \textbf{Duhan, N.} and Kaundal, R.},
  year = {2020},
  booktitle={{ASA}, {CSSA}, {SSSA} {A}nnual {I}nternational {A}gronomy {M}eeting},
  organization={ASA-CSSA-SSSA}
}
#9
@inbook{duhan2020deepnec,
title={{d}eep{NEC}: a novel alignment-free tool for the identification and classification of nitrogen biochemical network-related enzymes using deep learning},
author={\textbf{Duhan, N.} and Norton, J. M. and Kaundal, R.},
booktitle={The 2020 {A}nnual {ASM} {I}ntermountain {B}ranch {M}eeting, {A}merican {S}ociety of {M}icrobiology},
year={2020},
organization={ASM}
}

#10
@inbook{duhan2020necminer,
title={{NEC}miner: a novel alignment-free tool for the identification and classification of Nitrification-related enzymes using Deep Learning.},
author={\textbf{Duhan, N.} and Norton, J. M. and Kaundal, R.},
booktitle={The 28th {A}nnual {I}nternational {C}onference on {I}ntelligent {S}ystems for {M}olecular {B}iology},
year={2020},
organization={ISMB}
}
#11
@inbook{duhan2020pyseqrnaismb,
  title={Py{S}eq{RNA}: an Automated Python Package for Next-Generation Sequencing Data Analysis.},
  author={\textbf{Duhan, N.} and Kaundal, R.},
  booktitle={The 28th {A}nnual {I}nternational {C}onference on {I}ntelligent {S}ystems for {M}olecular {B}iology},
  year={2020},
  organization={ISMB}
}
#12
@inbook{duhan2020citsatdbpag,
  title={{c}it{SAT}db: genome-wide simple sequence repeat (SSR) marker database of {C}itrus species for germplasm characterization and crop improvement},
  author={\textbf{Duhan, N.} and Meshram, M. and Loaiza, C. D. and Kaundal, R.},
  booktitle={{P}lant and {A}nimal {G}enomes {C}onference {XXVIII} ({PAG} {I}nternational 2020).},
  year={2020},
  organization={PAG}
}

#13
@inbook{loaizacd2020greeningpag,
  title={Greening{DB}: a Database of Protein Features and Protein- Protein Interactions of the {B}acteria causing {HLB}.},
  author={Loaiza, C. D. and \textbf{Duhan, N.} and Kaundal, R.},
  booktitle={{P}lant and {A}nimal {G}enomes {C}onference {XXVIII} ({PAG} {I}nternational 2020).},
  year={2020},
  organization={PAG}
}

@inbook{duhan2024trevodb,
  title={trevo{DB}: {A} Comprehensive Resource for Turkey Orthoreovirus Classification and Comparative Analysis},
  author={\textbf{Duhan, N.} and Temeeyasen, G. and Luqman, M. and Selim, M. and Khaled, A. and  Sharafeldin T. and  Jangra, S. and  Mor, S.},
  booktitle={$75^{th}$ {N}orth {C}entral {A}vian {D}isease {C}onference},
  year={2024},
  organization={NCADC}
}

@inbook{kaundal2019alfalfa,
title={Comparative transcriptomics study of alfalfa (\textit{{M}edicago sativa} {L}.) reveals novel genotype-specific salt tolerance mechanisms},
author = {Kaundal, R. and \textbf{Duhan, N.} },
booktitle={{T}he {A}nnual {P}lants, {S}oils, and {C}limate {S}howcase 2019, {C}ollege of {A}griculture and {A}pplied {S}ciences; {U}tah {S}tate {U}niversity, {L}ogan, {U}tah, {USA}},
year = {2019}
}

@inbook{yadav2016,
title={Functional annotation of sugarcane {EST}s using bioinformatics tools},
author ={Yadav, I. S. and Malhotra, P. K. and \textbf{Duhan, N.} and Sharma, A.},
booktitle={International conference on recent trends in bioinformatics and biotechnology for sustainable development, {P}unjab {A}gricultural {U}niversity, {L}udhiana, {I}ndia},
year={2016}
}

@inbook{duhan2014,
title={In silico identification and characterization of Potential mi{RNA}s from \textit{{C}apsicum annuum}},
author={\textbf{Duhan, N.} and Sarao, N. K. and Mohanpuria, P. and Kaur, R. and Sandhu, P.},
booktitle={{N}ational {S}ymposium {C}rop {I}mprovement for {I}nclusive {S}ustainable {D}evelopment, {P}unjab {A}gricultural {U}niversity, {L}udhiana, {I}ndia 7-9 November 2014},
year={2014}
}

@inbook{Verma2012,
title={In silico gene prediction in \textit{{V}itis vinifera} using fourth generation tool},
author={Verma, L. and Yadav, B. and \textbf{Duhan, N.} and Chunneja, P.},
booktitle={{N}ational {S}ymposium on {B}ioinformatics {F}eb 02, 2012, {J}ammu {U}niversity, {J}ammu, {I}ndia},
year={2012}
}

@inbook{duhan2012,
title={In silico identification of \textit{{C}atharanthus roseus} mi{RNA}s and their role in human metablomics},
author={\textbf{Duhan, N.}and Chunneja, P.},
booktitle={{N}ational {S}ymposium on {B}ioinformatics {F}eb 02, 2012, {J}ammu {U}niversity, {J}ammu, {I}ndia},
year={2012}
}

@inbook{Kaur2012,
title={In silico detection of simple sequence repeats in expressed sequence tags of wheat},
author={Kaur, P and \textbf{Duhan, N.} and Yadav, B. and Chunneja, P.},
booktitle={{N}ational {S}ymposium on {B}ioinformatics {F}eb 02, 2012, {J}ammu {U}niversity, {J}ammu, {I}ndia},
year={2012}
}
@inbook{Jhinjer2012,
title={Comparative structure modelling of glyoxalase II protein of \textit{{O}ryza sativa}},
author={Jhinjer, R. K. and \textbf{Duhan, N.} and Yadav, B. and Chunneja, P.},
booktitle={{N}ational {S}ymposium on {B}ioinformatics {F}eb 02, 2012, {J}ammu {U}niversity, {J}ammu, {I}ndia},
year={2012}
}
@inbook{Manchanda2012,
title={In silico prediction of micro{RNA}s from pea (\textit{{P}isum sativum})},
author={Manchanda, P. and \textbf{Duhan, N.} and Yadav, B. and Chunneja, P.},
booktitle={{N}ational {S}ymposium on {B}ioinformatics {F}eb 02, 2012, {J}ammu {U}niversity, {J}ammu, {I}ndia},
year={2012}
}
@misc{training2012,
title={International {C}onference on {S}ustainable {A}griculture for {F}ood and {L}ivelihood {S}ecurity.},
year =  {2012},
note= {Organized by: {P}unjab {A}gricultural {U}niversity, {L}udhiana, {I}ndia (November 27-29)}
}
@misc{training2011,
title={Research {O}riented {T}echniques in {B}iotechnology},
year={2011},
note={Conducted by {O}rbit {B}iotech {P}vt. {L}td. at {G}uru {N}anak {G}irls {C}ollege, {L}udhiana, {I}ndia (January 19-25)}
}
@misc{training2009,
title={Bioinformatics {W}orkshop on {P}roteomics and {G}enomics},
year={2009},
note={Conducted by {S}upercomputing {F}acility for {B}ioinformatics and {C}omputational {B}iology, {I}ndian {I}nstitute of {T}echnology, {N}ew {D}elhi {I}ndia (September 16-19)}
}
@misc{ADI2009,
title={In-silico structure based drug designing of potent inhibitor for tat protein a therapeutic drug target for {HIV}},
year={2009},
note={{ADI} {B}io-{S}olution 3{B}-2 {M}ohali, {I}ndia (June 1-30)}
}

@unpublished{pyseqrna2024bioinformatics,
  author = {\textbf{Duhan, N.} and Kaundal, R.},
  note   = {Bioinformatics},
  title  = {{p}y{S}eq{RNA}: an all-in-one {NGS} to Spreadsheet {P}ython package for {RNA}-{S}eq Data, including single, multi-gene quantification and error correction},
  year   = {2024}
}

@unpublished{prgminer2024,
  author = {\textbf{Duhan, N.} and Kaundal, R.},
  note   = {Frontiers in Plant Science},
  title  = {P{RG}miner: {H}arnessing Deep Learning for the Prediction of Resistance Genes involved in Plant Defense Mechanisms},
  year   = {2024}
}



@unpublished{docking2024,
  author = {Larson, R.B. and \textbf{Duhan, N.} and Kaundal, R.},
  note   = {Frontiers in Chemistry},
  title  = {In silico identification of potential drug-like natural compounds for the treatment of Multiple Myeloma: A comprehensive molecular docking and simulation study},
  year   = {2024}
}



